@CONTROL{REVTEX41Control}
@CONTROL{apsrev41Control,author="08",editor="1",pages="0",title="",year="1"}

@article{Davies:2009tsa,
      author         = "Davies, C. T. H. and Follana, E. and Kendall, I. D. and
                        Lepage, G. Peter and McNeile, C.",
      title          = "{Precise determination of the lattice spacing in full
                        lattice QCD}",
      collaboration  = "HPQCD",
      journal        = "Phys. Rev.",
      volume         = "D81",
      year           = "2010",
      pages          = "034506",
      doi            = "10.1103/PhysRevD.81.034506",
      eprint         = "0910.1229",
      archivePrefix  = "arXiv",
      primaryClass   = "hep-lat",
      SLACcitation   = "%%CITATION = ARXIV:0910.1229;%%"
}


@article{Berkowitz:2017opd,
      author         = "Berkowitz, Evan and others",
      title          = "{MÃ¶bius domain-wall fermions on gradient-flowed
                        dynamical HISQ ensembles}",
      journal        = "Phys. Rev.",
      volume         = "D96",
      year           = "2017",
      number         = "5",
      pages          = "054513",
      doi            = "10.1103/PhysRevD.96.054513",
      eprint         = "1701.07559",
      archivePrefix  = "arXiv",
      primaryClass   = "hep-lat",
      reportNumber   = "LLNL-JRNL-719521, RBRC-1227",
      SLACcitation   = "%%CITATION = ARXIV:1701.07559;%%"
}

@article{Bazavov:2012xda,
      author         = "Bazavov, A. and others",
      title          = "{Lattice QCD Ensembles with Four Flavors of Highly
                        Improved Staggered Quarks}",
      collaboration  = "MILC",
      journal        = "Phys. Rev.",
      volume         = "D87",
      year           = "2013",
      number         = "5",
      pages          = "054505",
      doi            = "10.1103/PhysRevD.87.054505",
      eprint         = "1212.4768",
      archivePrefix  = "arXiv",
      primaryClass   = "hep-lat",
      reportNumber   = "FERMILAB-PUB-12-796-T",
      SLACcitation   = "%%CITATION = ARXIV:1212.4768;%%"
}
