@CONTROL{REVTEX41Control}
@CONTROL{apsrev41Control,author="08",editor="1",pages="0",title="",year="1"}

@article{Amoros:1999dp,
      author         = "Amoros, Gabriel and Bijnens, Johan and Talavera, P.",
      title          = "{Two point functions at two loops in three flavor chiral
                        perturbation theory}",
      journal        = "Nucl. Phys.",
      volume         = "B568",
      year           = "2000",
      pages          = "319-363",
      doi            = "10.1016/S0550-3213(99)00674-4",
      eprint         = "hep-ph/9907264",
      archivePrefix  = "arXiv",
      primaryClass   = "hep-ph",
      reportNumber   = "LU-TP-99-15",
      SLACcitation   = "%%CITATION = HEP-PH/9907264;%%"
}

@article{Ananthanarayan:2017qmx,
      author         = "Ananthanarayan, B. and Bijnens, Johan and Friot, Samuel
                        and Ghosh, Shayan",
      title          = "{Analytic representation of $F_K/F_\pi$ in two loop
                        chiral perturbation theory}",
      journal        = "Phys. Rev.",
      volume         = "D97",
      year           = "2018",
      number         = "9",
      pages          = "091502",
      doi            = "10.1103/PhysRevD.97.091502",
      eprint         = "1711.11328",
      archivePrefix  = "arXiv",
      primaryClass   = "hep-ph",
      SLACcitation   = "%%CITATION = ARXIV:1711.11328;%%"
}

@article{Bazavov:2012xda,
      author         = "Bazavov, A. and others",
      title          = "{Lattice QCD Ensembles with Four Flavors of Highly
                        Improved Staggered Quarks}",
      collaboration  = "MILC",
      journal        = "Phys. Rev.",
      volume         = "D87",
      year           = "2013",
      number         = "5",
      pages          = "054505",
      doi            = "10.1103/PhysRevD.87.054505",
      eprint         = "1212.4768",
      archivePrefix  = "arXiv",
      primaryClass   = "hep-lat",
      reportNumber   = "FERMILAB-PUB-12-796-T",
      SLACcitation   = "%%CITATION = ARXIV:1212.4768;%%"
}

@article{Beane:2006kx,
      author         = "Beane, S. R. and Bedaque, P. F. and Orginos, K. and
                        Savage, M. J.",
      title          = "{f(K)/f(pi) in Full QCD with Domain Wall Valence Quarks}",
      journal        = "Phys. Rev.",
      volume         = "D75",
      year           = "2007",
      pages          = "094501",
      doi            = "10.1103/PhysRevD.75.094501",
      eprint         = "hep-lat/0606023",
      archivePrefix  = "arXiv",
      primaryClass   = "hep-lat",
      reportNumber   = "NT-UW-06-15, JLAB-THY-06-503, UMD-40762-365, UNH-06-05",
      SLACcitation   = "%%CITATION = HEP-LAT/0606023;%%"
}

@article{Berkowitz:2017opd,
      author         = "Berkowitz, Evan and others",
      title          = "{Möbius domain-wall fermions on gradient-flowed
                        dynamical HISQ ensembles}",
      journal        = "Phys. Rev.",
      volume         = "D96",
      year           = "2017",
      number         = "5",
      pages          = "054513",
      doi            = "10.1103/PhysRevD.96.054513",
      eprint         = "1701.07559",
      archivePrefix  = "arXiv",
      primaryClass   = "hep-lat",
      reportNumber   = "LLNL-JRNL-719521, RBRC-1227",
      SLACcitation   = "%%CITATION = ARXIV:1701.07559;%%"
}

@article{Bijnens:2014gsa,
      author         = "Bijnens, Johan",
      title          = "{CHIRON: a package for ChPT numerical results at two
                        loops}",
      journal        = "Eur. Phys. J.",
      volume         = "C75",
      year           = "2015",
      number         = "1",
      pages          = "27",
      doi            = "10.1140/epjc/s10052-014-3249-9",
      eprint         = "1412.0887",
      archivePrefix  = "arXiv",
      primaryClass   = "hep-ph",
      reportNumber   = "LU-TP-14-41",
      SLACcitation   = "%%CITATION = ARXIV:1412.0887;%%"
}

@article{Borsanyi:2012zs,
      author         = "Borsanyi, Szabolcs and others",
      title          = "{High-precision scale setting in lattice QCD}",
      journal        = "JHEP",
      volume         = "09",
      year           = "2012",
      pages          = "010",
      doi            = "10.1007/JHEP09(2012)010",
      eprint         = "1203.4469",
      archivePrefix  = "arXiv",
      primaryClass   = "hep-lat",
      reportNumber   = "ITP-BUDAPEST-657, CPT-P004-2012, WUB-12-02",
      SLACcitation   = "%%CITATION = ARXIV:1203.4469;%%"
}

@article{Chang_2018,
   title={A per-cent-level determination of the nucleon axial coupling from quantum chromodynamics},
   volume={558},
   ISSN={1476-4687},
   url={http://dx.doi.org/10.1038/s41586-018-0161-8},
   DOI={10.1038/s41586-018-0161-8},
   number={7708},
   journal={Nature},
   publisher={Springer Science and Business Media LLC},
   author={Chang, C. C. and Nicholson, A. N. and Rinaldi, E. and Berkowitz, E. and Garron, N. and Brantley, D. A. and Monge-Camacho, H. and Monahan, C. J. and Bouchard, C. and Clark, M. A. and et al.},
   year={2018},
   month={May},
   pages={91–94}
}


@article{Chen:2006wf,
      author         = "Chen, Jiunn-Wei and O'Connell, Donal and Walker-Loud,
                        Andre",
      title          = "{Two Meson Systems with Ginsparg-Wilson Valence Quarks}",
      journal        = "Phys. Rev.",
      volume         = "D75",
      year           = "2007",
      pages          = "054501",
      doi            = "10.1103/PhysRevD.75.054501",
      eprint         = "hep-lat/0611003",
      archivePrefix  = "arXiv",
      primaryClass   = "hep-lat",
      reportNumber   = "CALT-68-2615, NT-UW-06-18",
      SLACcitation   = "%%CITATION = HEP-LAT/0611003;%%"
}

@article{Davies:2009tsa,
      author         = "Davies, C. T. H. and Follana, E. and Kendall, I. D. and
                        Lepage, G. Peter and McNeile, C.",
      title          = "{Precise determination of the lattice spacing in full
                        lattice QCD}",
      collaboration  = "HPQCD",
      journal        = "Phys. Rev.",
      volume         = "D81",
      year           = "2010",
      pages          = "034506",
      doi            = "10.1103/PhysRevD.81.034506",
      eprint         = "0910.1229",
      archivePrefix  = "arXiv",
      primaryClass   = "hep-lat",
      SLACcitation   = "%%CITATION = ARXIV:0910.1229;%%"
}

@article{Dowdall:2013rya,
      author         = "Dowdall, R. J. and Davies, C. T. H. and Lepage, G. P. and
                        McNeile, C.",
      title          = "{Vus from pi and K decay constants in full lattice QCD
                        with physical u, d, s and c quarks}",
      journal        = "Phys. Rev.",
      volume         = "D88",
      year           = "2013",
      pages          = "074504",
      doi            = "10.1103/PhysRevD.88.074504",
      eprint         = "1303.1670",
      archivePrefix  = "arXiv",
      primaryClass   = "hep-lat",
      SLACcitation   = "%%CITATION = ARXIV:1303.1670;%%"
}

@article{Durr:2010hr,
      author         = "Durr, S. and Fodor, Z. and Hoelbling, C. and Katz, S. D.
                        and Krieg, S. and Kurth, T. and Lellouch, L. and Lippert,
                        T. and Ramos, A. and Szabo, K. K.",
      title          = "{The ratio FK/Fpi in QCD}",
      journal        = "Phys. Rev.",
      volume         = "D81",
      year           = "2010",
      pages          = "054507",
      doi            = "10.1103/PhysRevD.81.054507",
      eprint         = "1001.4692",
      archivePrefix  = "arXiv",
      primaryClass   = "hep-lat",
      SLACcitation   = "%%CITATION = ARXIV:1001.4692;%%"
}

@article{Marciano:2004uf,
      author         = "Marciano, William J.",
      title          = "{Precise determination of |V(us)| from lattice
                        calculations of pseudoscalar decay constants}",
      journal        = "Phys. Rev. Lett.",
      volume         = "93",
      year           = "2004",
      pages          = "231803",
      doi            = "10.1103/PhysRevLett.93.231803",
      eprint         = "hep-ph/0402299",
      archivePrefix  = "arXiv",
      primaryClass   = "hep-ph",
      SLACcitation   = "%%CITATION = HEP-PH/0402299;%%"
}

@article{PhysRevD.98.030001,
      author         = "Tanabashi, M. and others",
      title          = "{Review of Particle Physics}",
      collaboration  = "Particle Data Group",
      journal        = "Phys. Rev.",
      volume         = "D98",
      year           = "2018",
      number         = "3",
      pages          = "030001",
      doi            = "10.1103/PhysRevD.98.030001",
      SLACcitation   = "%%CITATION = PHRVA,D98,030001;%%"
}

@article{Wolfenstein:1983yz,
      author         = "Wolfenstein, Lincoln",
      title          = "{Parametrization of the Kobayashi-Maskawa Matrix}",
      journal        = "Phys. Rev. Lett.",
      volume         = "51",
      year           = "1983",
      pages          = "1945",
      doi            = "10.1103/PhysRevLett.51.1945",
      reportNumber   = "CMU-HEG83-9",
      SLACcitation   = "%%CITATION = PRLTA,51,1945;%%"
}
